@misc{gplv3,
  author       = {Free Software Foundation},
  title        = {{GNU} {G}eneral {P}ublic {L}icense},
  version      = {3},
  howpublished = {\url{http://www.gnu.org/licenses/gpl.html}},
  shorthand    = {GPL}
}

@article{goldberg2016primer,
  title   = {A primer on neural network models for natural language processing},
  author  = {Goldberg, Yoav},
  journal = {Journal of Artificial Intelligence Research},
  volume  = {57},
  pages   = {345--420},
  year    = {2016}
}

@article{word2vec:1,
  title   = {Efficient estimation of word representations in vector space},
  author  = {Mikolov, Tomas and Chen, Kai and Corrado, Greg and Dean, Jeffrey},
  journal = {arXiv preprint arXiv:1301.3781},
  year    = {2013}
}

@article{word2vec:2,
  title     = {Distributed representations of words and phrases and their compositionality},
  author    = {Mikolov, Tomas and Sutskever, Ilya and Chen, Kai and Corrado, Greg S and Dean, Jeff},
  booktitle = {Advances in neural information processing systems},
  pages     = {3111--3119},
  year      = {2013}
}

@article{adaptiveskipgram,
  author     = {Sergey Bartunov and
                Dmitry Kondrashkin and
                Anton Osokin and
                Dmitry P. Vetrov},
  title      = {Breaking Sticks and Ambiguities with Adaptive Skip-gram},
  journal    = {CoRR},
  volume     = {abs/1502.07257},
  year       = {2015},
  url        = {http://arxiv.org/abs/1502.07257},
  eprinttype = {arXiv},
  eprint     = {1502.07257},
  timestamp  = {Mon, 13 Aug 2018 16:47:07 +0200},
  biburl     = {https://dblp.org/rec/journals/corr/BartunovKOV15.bib},
  bibsource  = {dblp computer science bibliography, https://dblp.org}
}

@article{bert,
  title   = {Bert: Pre-training of deep bidirectional transformers for language understanding},
  author  = {Devlin, Jacob and Chang, Ming-Wei and Lee, Kenton and Toutanova, Kristina},
  journal = {arXiv preprint arXiv:1810.04805},
  year    = {2018}
}

@book{rizzo2013art,
  title     = {The art direction handbook for film},
  author    = {Rizzo, Michael},
  year      = {2005},
  publisher = {Routledge}
}

@misc{tropo:ICanExplain,
  author       = {tvtropes.org},
  title        = {ICanExplain},
  howpublished = {\url{https://tvtropes.org/pmwiki/pmwiki.php/Main/ICanExplain}}
}

@misc{tropo:AdolfHitlarious,
  author       = {tvtropes.org},
  title        = {AdolfHitlarious},
  howpublished = {\url{https://tvtropes.org/pmwiki/pmwiki.php/Main/AdolfHitlarious}}
}

@misc{tropo:AliensStealCattle,
  author       = {tvtropes.org},
  title        = {AliensStealCattle},
  howpublished = {\url{https://tvtropes.org/pmwiki/pmwiki.php/Main/AliensStealCattle}}
}

@article{desarrolloagil,
  author        = {Juan Julián Merelo Guervós},
  title         = {Agile (data) science: a (draft) manifesto},
  journal       = {CoRR},
  volume        = {abs/2104.12545},
  year          = {2021},
  url           = {https://arxiv.org/abs/2104.12545},
  archiveprefix = {arXiv},
  eprint        = {2104.12545},
  timestamp     = {Mon, 03 May 2021 17:38:30 +0200},
  biburl        = {https://dblp.org/rec/journals/corr/abs-2104-12545.bib},
  bibsource     = {dblp computer science bibliography, https://dblp.org}
}

@misc{milestones,
  author       = {Antonio Gámiz Delgado},
  title        = {Milestones},
  howpublished = {\url{https://github.com/antoniogamiz/tfg/milestones}}
}

@article{lemarechal2012cauchy,
  title   = {Cauchy and the gradient method},
  author  = {Lemar{\'e}chal, Claude},
  journal = {Doc Math Extra},
  volume  = {251},
  number  = {254},
  pages   = {10},
  year    = {2012}
}

@book{mitchell1997,
  title     = {Machine learning. WCB},
  author    = {Mitchell, Tom M and others},
  year      = {1997},
  publisher = {McGraw-Hill Boston, MA:}
}

@article{rumelhart1986learning,
  title     = {Learning representations by back-propagating errors},
  author    = {Rumelhart, David E and Hinton, Geoffrey E and Williams, Ronald J},
  journal   = {nature},
  volume    = {323},
  number    = {6088},
  pages     = {533--536},
  year      = {1986},
  publisher = {Nature Publishing Group}
}

@article{hochreiter1991untersuchungen,
  title   = {Untersuchungen zu dynamischen neuronalen Netzen},
  author  = {Hochreiter, Sepp},
  journal = {Diploma, Technische Universit{\"a}t M{\"u}nchen},
  volume  = {91},
  number  = {1},
  year    = {1991}
}

@article{firth1957synopsis,
  title={A synopsis of linguistic theory, 1930-1955},
  author={Firth, John R},
  journal={Studies in linguistic analysis},
  year={1957},
  publisher={Basil Blackwell}
}